%% This BibTeX bibliography file was created using BibDesk.
%% http://bibdesk.sourceforge.net/

%% Created for Joan Sol√† at 2017-09-15 11:27:15 +0200 


%% Saved with string encoding Unicode (UTF-8) 


@string{biorob = {IEEE/RAS/EMBS Int. Conf. on Biomedical Robotics and Biomechatronics (BioRob)}}

@string{humanoids = {IEEE/RAS Int. Conf. on Humanoid Robots (Humanoids)}}

@string{ichr = {IEEE/RAS Int. Conf. on Humanoid Robotics (ICHR)}}

@string{icra = {IEEE/RAS Int. Conf. on Robotics and Automation (ICRA)}}

@string{iros = {IEEE/RSJ Int. Conf. on Intelligent Robots and Systems (IROS)}}

@string{ral = {IEEE/RAS Robotics and Automation Letters}}


@book{CHIRIKJIAN-12,
	Address = {Basel},
	Author = {Gregory S. Chirikjian},
	Date-Added = {2017-09-15 09:26:51 +0000},
	Date-Modified = {2017-09-15 09:26:51 +0000},
	Publisher = {Birkh\"auser,},
	Series = {Applied and Numerical Harmonic Analysis},
	Title = {Stochastic Models, Information Theory, and Lie Groups},
	Volume = {2: Analytic Methods and Modern Applications},
	Year = {2012}}

@string{jof= {Journal of Field Robotics}}

@article{garrec2010design,
	Author = {Garrec, Philippe},
	Journal = {Bulletin of the Academy of Sciences of the Ussr-Physical Series},
	Number = {2},
	Pages = {23},
	Title = {Design of an anthropomorphic upper limb exoskeleton actuated by ball-screws and cables},
	Volume = {72},
	Year = {2010}}

@inproceedings{pratt1995series,
	Author = {Pratt, Gill A and Williamson, Matthew M},
	Booktitle = iros,
	Pages = {399--406},
	Title = {Series elastic actuators},
	Volume = {1},
	Year = {1995}}

@misc{garrec2006screw,
	Author = {Garrec, P.},
	Month = jul # {~11},
	Note = {US Patent 7,073,406},
	Publisher = {Google Patents},
	Title = {Screw and nut transmission and cable attached to the screw},
	Url = {https://www.google.com/patents/US7073406},
	Year = {2006},
	Bdsk-Url-1 = {https://www.google.com/patents/US7073406}}

@inproceedings{Abroug:ECC:2015,
	Author = {N. Abroug and E. Laroche},
	Booktitle = {IEEE European Control Conference (ECC)},
	Pages = {734-740},
	Title = {Transforming series elastic actuators into Variable Stiffness Actuators thanks to structured $H_\infty$ control},
	Year = {2015}}

@phdthesis{mehling2015impedance,
	Author = {Mehling, Josh S},
	School = {Rice University},
	Title = {Impedance Control Approaches for Series Elastic Actuators},
	Year = {2015}}

@article{sardellitti2013gain,
	Author = {Sardellitti, Irene and Medrano-Cerda, Gustavo A and Tsagarakis, N and Jafari, Amir and Caldwell, Darwin G},
	Journal = {IEEE Transactions on Robotics},
	Number = {3},
	Pages = {791--798},
	Title = {Gain scheduling control for a class of variable stiffness actuators based on lever mechanisms},
	Volume = {29},
	Year = {2013}}

@inproceedings{geoffroy2014two,
	Author = {Geoffroy, Perle and Bordron, Olivier and Mansard, Nicolas and Raison, M and Stasse, Olivier and Bretl, Timothy},
	Booktitle = {Control Conference (ECC), 2014 European},
	Pages = {1151--1157},
	Title = {A two-stage suboptimal approximation for variable compliance and torque control},
	Year = {2014}}

@incollection{NIPS2007_3297,
	Author = {Tassa, Yuval and Erez, Tom and William D. Smart},
	Booktitle = {Advances in Neural Information Processing Systems 20},
	Pages = {1465--1472},
	Title = {Receding Horizon Differential Dynamic Programming},
	Year = {2008}}

@inproceedings{tassa2014control,
	Author = {Tassa, Yuval and Mansard, Nicolas and Todorov, Emo},
	Booktitle = icra,
	Pages = {1168--1175},
	Title = {Control-limited differential dynamic programming},
	Year = {2014}}

@inproceedings{das2016controlling,
	Author = {Das, G.-K.-H.-S.-L and Tondu, B and Forget, F and Manhes, J and Stasse, O and Soueres, P},
	Booktitle = iros,
	Pages = {521--528},
	Title = {Controlling a multi-joint arm actuated by pneumatic muscles with quasi-DDP optimal control},
	Year = {2016}}

@inproceedings{das2016performing,
	Author = {Das, G.-K.-H.-S.-L and Tondu, B and Forget, F and Manhes, J and Stasse, Olivier and Soueres, P},
	Booktitle = {Control Applications (CCA), 2016 IEEE Conference on},
	Pages = {1104--1110},
	Title = {Performing explosive motions using a multi-joint arm actuated by pneumatic muscles with quasi-DDP optimal control},
	Year = {2016}}

@inproceedings{DLR:TORO,
  title={Overview of the torque-controlled humanoid robot TORO},
  author={Englsberger, Johannes and Werner, Alexander and Ott, Christian and Henze, Bernd and Roa, Maximo A and Garofalo, Gianluca and Burger, Robert and Beyer, Alexander and Eiberger, Oliver and Schmid, Korbinian and others},
  booktitle=ichr,
  pages={916--923},
  year={2014},
}

@article{pneumatic,
	Author = {Daerden, Frank and Lefeber, Dirk},
	Journal = {European journal of mechanical and environmental engineering},
	Number = {1},
	Pages = {11--21},
	Title = {Pneumatic artificial muscles: actuators for robotics and automation},
	Volume = {47},
	Year = {2002}}

@article{semini2011design,
	Author = {Semini, Claudio and Tsagarakis, Nikos G and Guglielmino, Emanuele and Focchi, Michele and Cannella, Ferdinando and Caldwell, Darwin G},
	Journal = {Proceedings of the Institution of Mechanical Engineers, Part I: Journal of Systems and Control Engineering},
	Number = {6},
	Pages = {831--849},
	Publisher = {SAGE Publications Sage UK: London, England},
	Title = {Design of HyQ--a hydraulically and electrically actuated quadruped robot},
	Volume = {225},
	Year = {2011}}

@article{alfayad2011high,
	Author = {Alfayad, Samer and Ouezdou, Fethi B and Namoun, Faycal and Gheng, Gordon},
	Journal = {Sensors and Actuators A: Physical},
	Number = {1},
	Pages = {115--123},
	Publisher = {Elsevier},
	Title = {High performance integrated electro-hydraulic actuator for robotics--Part I: Principle, prototype design and first experiments},
	Volume = {169},
	Year = {2011}}

@article{wensing2017proprioceptive,
	Author = {Wensing, Patrick M and Wang, Albert and Seok, Sangok and Otten, David and Lang, Jeffrey and Kim, Sangbae},
	Journal = {IEEE Transactions on Robotics},
	Publisher = {IEEE},
	Title = {Proprioceptive actuator design in the MIT cheetah: Impact mitigation and high-bandwidth physical interaction for dynamic legged robots},
	Year = {2017}}

@inproceedings{vanderborght2009maccepa,
	Author = {Vanderborght, Bram and Tsagarakis, Nikos G and Semini, Claudio and Van Ham, Ronald and Caldwell, Darwin G},
	Booktitle = icra,
	Organization = {IEEE},
	Pages = {544--549},
	Title = {MACCEPA 2.0: Adjustable compliant actuator with stiffening characteristic for energy efficient hopping},
	Year = {2009}}

@inproceedings{wolf2008new,
	Author = {Wolf, Sebastian and Hirzinger, Gerd},
	Booktitle = {Robotics and Automation, 2008. ICRA 2008. IEEE International Conference on},
	Organization = {IEEE},
	Pages = {1741--1746},
	Title = {A new variable stiffness design: Matching requirements of the next robot generation},
	Year = {2008}}

@article{buondonno2016efficient,
	Author = {Buondonno, Gabriele and De Luca, Alessandro},
	Journal = {IEEE Robotics and Automation Letters},
	Number = {2},
	Pages = {908--915},
	Title = {Efficient Computation of Inverse Dynamics and Feedback Linearization for VSA-Based Robots},
	Volume = {1},
	Year = {2016}}

@inproceedings{garofalo2015regulation,
	Author = {Garofalo, Gianluca and Englsberger, Johannes and Ott, Christian},
	Booktitle = {American Control Conference (ACC), 2015},
	Pages = {4825--4831},
	Title = {On the regulation of the energy of elastic joint robots: Excitation and damping of oscillations},
	Year = {2015}}

@inproceedings{werner2014trajectory,
	Author = {Werner, Alexander and Lampariello, Roberto and Ott, Christian},
	Booktitle = {Decision and Control (CDC), 2014 IEEE 53rd Annual Conference on},
	Pages = {2964--2970},
	Title = {Trajectory optimization for walking robots with series elastic actuators},
	Year = {2014}}

@inproceedings{karavas2012design,
	Author = {Karavas, Nikos C and Tsagarakis, Nikos G and Caldwell, Darwin G},
	Booktitle = {Biomedical Robotics and Biomechatronics (BioRob), 2012 4th IEEE RAS \& EMBS International Conference on},
	Pages = {1813--1819},
	Title = {Design, modeling and control of a series elastic actuator for an assistive knee exoskeleton},
	Year = {2012}}

@inproceedings{lee2016active,
	Author = {Lee, Jinoh and Choi, Wooseok and Kanoulas, Dimitrios and Subburaman, Rajesh and Caldwell, Darwin G and Tsagarakis, Nikolaos G},
	Booktitle = ichr,
	Pages = {778--785},
	Title = {An active compliant impact protection system for humanoids: Application to WALK-MAN hands},
	Year = {2016}}

@inproceedings{tsagarakis2013compliant,
	Author = {Tsagarakis, Nikos G and Morfey, Stephen and Cerda, Gustavo Medrano and Zhibin, Li and Caldwell, Darwin G},
	Booktitle = icra,
	Pages = {673--678},
	Title = {Compliant humanoid coman: Optimal joint stiffness tuning for modal frequency control},
	Year = {2013}}

@article{paine2015actuator,
	Author = {Paine, Nicholas and Mehling, Joshua S and Holley, James and Radford, Nicolaus A and Johnson, Gwendolyn and Fok, Chien-Liang and Sentis, Luis},
	Journal = {Journal of Field Robotics},
	Number = {3},
	Pages = {378--396},
	Publisher = {Wiley Online Library},
	Title = {Actuator Control for the NASA-JSC Valkyrie Humanoid Robot: A Decoupled Dynamics Approach for Torque Control of Series Elastic Robots},
	Volume = {32},
	Year = {2015}}

@inproceedings{euston2008complementary,
	Author = {Euston, Mark and Coote, Paul and Mahony, Robert and Kim, Jonghyuk and Hamel, Tarek},
	Booktitle = {Intelligent Robots and Systems, 2008. IROS 2008. IEEE/RSJ International Conference on},
	Organization = {IEEE},
	Pages = {340--345},
	Title = {A complementary filter for attitude estimation of a fixed-wing UAV},
	Year = {2008}}

@inproceedings{roussillon2011rt,
	Author = {Roussillon, Cyril and Gonzalez, Aur{\'e}lien and Sol{\`a}, Joan and Codol, Jean-Marie and Mansard, Nicolas and Lacroix, Simon and Devy, Michel and others},
	Booktitle = {ICVS},
	Organization = {Springer},
	Pages = {31--40},
	Title = {RT-SLAM: A Generic and Real-Time Visual SLAM Implementation.},
	Year = {2011}}

@article{zhou2008human,
	Author = {Zhou, Huiyu and Hu, Huosheng},
	Journal = {Biomedical Signal Processing and Control},
	Number = {1},
	Pages = {1--18},
	Publisher = {Elsevier},
	Title = {Human motion tracking for rehabilitation---A survey},
	Volume = {3},
	Year = {2008}}

@inproceedings{forster2015imu,
	Author = {Forster, Christian and Carlone, Luca and Dellaert, Frank and Scaramuzza, Davide},
	Organization = {Georgia Institute of Technology},
	Title = {IMU preintegration on manifold for efficient visual-inertial maximum-a-posteriori estimation},
	Year = {2015}}

@misc{ceres-solver,
	Author = {Sameer Agarwal and Keir Mierle and Others},
	Howpublished = {\url{http://ceres-solver.org}},
	Title = {Ceres Solver}}
}
@INPROCEEDINGS{Kaneko:ichr:2015, 
author={K. Kaneko and M. Morisawa and S. Kajita and S. Nakaoka and T. Sakaguchi and R. Cisneros and F. Kanehiro}, 
booktitle=ichr, 
title={Humanoid robot HRP-2Kai - Improvement of HRP-2 towards disaster response tasks}, 
year={2015}, 
}


@Article{Johnson:jof:2016,
  author = 	 {M. Johnson and B. Shrewsbury and S. Bertrand and D. Calvert
                  and T. Wu and D. Duran and D. Stephen and N. Mertins and J. Carff
                  and W. Rifenburgh and J. Smith and C. Schmidt-Wetekam and
                  and D. Faconti and A. Graber-Tilton and N. Eyssette
                  and T. Meier and I. Kalkov and T. Craig and N. Payton 
                  and S. McCrory and G. Wiedebach and B. Layton and
                  and P. Neuhaus and J. Pratt},
  title = 	 {Team IHMC‚Äôs Lessons Learned from the DARPA Robotics Challenge: Finding Data in the Rubble},
  journal = 	 jof,
  year = 	2017,
  volume = 	 {34},
  number = 	 {2},
}

@Article{Pomerlau:ar:2013,
  author = 	 {F. Pomerleau and F. Colas and R. Siegwart and S. Magnenat},
  title = 	 {Comparing ICP variants on real-world data sets},
  journal = 	 {Autonomous Robots},
  year = 	 {2013},
  volume = 	 {34},
  number = 	 {3},
  pages = 	 {133-148},
}


@article {Marion:jof:2017,
author = {Marion, Pat and Fallon, Maurice and Deits, Robin and Valenzuela, Andr√©s and P√©rez D'Arpino, Claudia and Izatt, Greg and Manuelli, Lucas and Antone, Matt and Dai, Hongkai and Koolen, Twan and Carter, John and Kuindersma, Scott and Tedrake, Russ},
title = {Director: A User Interface Designed for Robot Operation with Shared Autonomy},
journal = jof,
volume = {34},
number = {2},
pages = {262--280},
year = {2017},
}

@article {Karumanchi:jof:2017,
author = {Karumanchi, Sisir and Edelberg, Kyle and Baldwin, Ian and Nash, Jeremy and Reid, Jason and Bergh, Charles and Leichty, John and Carpenter, Kalind and Shekels, Matthew and Gildner, Matthew and Newill-Smith, David and Carlton, Jason and Koehler, John and Dobreva, Tatyana and Frost, Matthew and Hebert, Paul and Borders, James and Ma, Jeremy and Douillard, Bertrand and Backes, Paul and Kennedy, Brett and Satzinger, Brian and Lau, Chelsea and Byl, Katie and Shankar, Krishna and Burdick, Joel},
title = {Team RoboSimian: Semi-autonomous Mobile Manipulation at the 2015 DARPA Robotics Challenge Finals},
journal = jof,
volume = {34},
number = {2},
pages = {305--332},
year = {2017},
}

