%
%   Sun Oct 11 2017
%
%
%  $Description: Bibliography for IMU-based indoor person localization related articles$ 
% 
%  $Author: cetto $ 
%  $Revision: 1.4 $

@string{proc = {Proc. }}

@string{jan = {Jan.}}
@string{feb = {Feb.}}
@string{mar = {Mar.}}
@string{apr = {Apr.}}
@string{may = {May}}
@string{jun = {Jun.}}
@string{jul = {Jul.}}
@string{aug = {Aug.}}
@string{sep = {Sep.}}
@string{oct = {Oct.}}
@string{nov = {Nov.}}
@string{dec = {Dec.}}

		  
% INSTITUTIONS

@string{caltech = {Caltech.}}			  
@string{cmu = {CMU}}
@string{cvc = {CVC}}		  
@string{ctlsfit = {CTL, Swiss Fed. Inst. Tech.}}
@string{iapr = {IAPR}}		  
@string{ieeecs = {IEEE Comp. Soc.}}
@string{ieeesps = {IEEE Sign. Proc. Soc.}}		  
@string{iri = {IRI}}		  
@string{inria = {INRIA}}		  
@string{mit = {MIT}}
@string{mitailab = {MIT AI Lab.}}		  
@string{purdue = {Purdue Univ.}}		  
@string{spie    = {SPIE}}
@string{stanford = {Stanford}}		  
@string{uab = {UAB}}
@string{uji = {UJI}}			  
@string{upc = {UPC}}		  
@string{urv = {URV}}
	  	  
		  
% EDITORS		  

@string{acmpress = {ACM Press}}	
@string{edgen = {Ed. Geneve}}
@string{kluwer = {Kluwer Academic Publishers}}
@string{mitpress = {MIT Press}}	
@string{springer = {Springer-Verlag}}		  
@string{upciips = {UPC IIPS}}
@string{wsp = {World Sci. Pub.}}		  
@string{wiley = {Wiley \& Sons}}		  
% JOURNALS NOMBRE ABREVIADO

% Tienen que seguir la normativa ISSN si se tiene duda consultar
% http://www.issn.org/2-22661-LTWA-online.php

@string{jgt   = {{ACM} J. Graphics Tools}}
@string{tog   = {{ACM} T.~Graphics}}  
@string{toms  = {{ACM} T.~Math. Software}}
@string{tosn  = {{ACM} T.~Sensor Networks}}
@string{ab    = {Adaptive Behavior}}
@string{ajc = {Asian J.~Control}}
@string{ajm = {Am. J. Math.}}
@string{ai    = {Artif. Intell.}}
@string{aimag = {AI Mag.}}
@string{ar    = {Auton.~Robots}}
@string{advrob    = {Adv.~Robotics}}
@string{bstj  = {Bell Syst. Tech. J.}}
@string{caca  = {Can. Cartographer}}
@string{cacm  = {Comm. {ACM}}}
@string{cagd  = {Comput. Aided Geom. Design}}
@string{cg  = {Comput. Graph.}}
@string{cgip  = {Comput. Graph. Image Process.}}
@string{cviu  = {Comput. Vis. Image Underst.}}
@string{cag   = {Cont. Algebra Geom.}}
@string{cep  = {Control Eng. Practice}}
@string{dam   = {Discrete Appl. Math.}}
@string{esa   = {Expert Syst. with Appl.}}
@string{fsj   = {Fire Safety J.}}
@string{fss = {Fuzzy Sets Syst.}}
@string{hmt = {Health Manag. Tech.}}
@string{ivc   = {Image Vis. Comput.}}
@string{itj = {Intel Techn.~J.}}
@string{ijars = {Int. J.~Adv. Robotic Syst.}}
@string{ijcars = {Int. J.~Comput. Assisted Radiology and Surgery}}
@string{ijcs  = {Int. J.~Comput. Science}}
@string{ijcv  = {Int. J.~Comput. Vis.}}
@string{ijms  = {Int. J.~Modell. Simul.}}
@string{ijista = {Int. J.~Intell. Syst. Tech. App.}}
@string{ijprai = {Int. J.~Pattern Recognit. Artif. Intell.}}
@string{ijrr  = {Int. J.~Robotics Res.}}
@string{ijirs  = {Int. J.~Intell.~Robotics Syst.}}
@string{jiqiren = {Jiqiren/Robot}}
@string{jacm  = {J.~{ACM}}}
@string{jag   = {J.~Appl.~Geodesy}}
@string{jae   = {J.~ Aerospace Eng.}}
@string{jair  = {J.~Artif. Intell. Res.}}
@string{jbe   = {J.~Basic Eng.-T.~{ASME}}}
@string{jcn   = {J.~Cognitive Neurosci.}}
@string{jc    = {J.~ Commun.}}
@string{jcss  = {J.~Comput. Syst. Sci.}}
@string{jei   = {J.~Electronic Imag.}}
@string{jfr   = {J.~Field Robotics}}
@string{jgcd  = {J.~Guid. Control Dyn.}}
@string{jmlr  = {J.~Mach. Learn. Res.}}
@string{jmd   = {J.~Mech. Design}}
@string{josa  = {J.~Opt. Soc. Am.~A}}
@string{jota  = {J.~Optim. Theory Appl.}}
@string{joser  = {J.~Softw. Eng. Robotics}}
@string{jrs   = {J.~Robotic Syst.}}
@string{jrsj  = {J.~Robotics Soc. Japan}}
@string{jrss  = {J.~Royal Statistical Soc.}}
@string{lncs  = {Lect. Notes Comput. Sci.}}
@string{lncis = {Lect. Notes Control Info. Sci.}}
@string{ml    = {Mach. Learn.}}
@string{mva   = {Mach. Vis. Appl.}}
@string{mcm   = {Math. Comput. Model.}}
@string{mmt   = {Mech. Mach. Theory}}
@string{nc    = {Neural Comput.}}
@string{neuro = {Neurocomputing}}
@string{paa   = {Pattern Anal. Appl.}}
@string{pr    = {Pattern Recognit.}}
@string{prl   = {Pattern Recognit. Lett.}}
@string{plosone = {PLOS One}}
@string{presence = {Presence: Teleop. Virtual Env.}}
@string{rob   = {Robotica}}
@string{ras   = {Robotics Auton. Syst.}}
@string{rcim  = {Robotics Comput.-Integr. Manuf.}}
@string{rs    = {Remote Sens.}}
@string{sensors = {Sensors}}
@string{simpat = {Sim. Mod. Pract. Theory}}
@string{sc    = {Soft Computing}}
@string{smd   = {Soviet Math. Doklady}}	  
@string{star = {Springer Tracts Adv. Robotics}}
@string{trr   = {Transport. Res. Rec.}}	
@string{vc    = {Visual Computer}}
@string{jvcir = {J.~Vis.~Commun.~Image~Represent.}}
@string{jmlr   = {J.~Mach. Learning Res.}}
@string{or = {Op. Res.}}
@string{jirs = {J. Intell. Robotic Syst.}}

%%%%%%%%%%%%%%%%%%%
%%IEEE Journals %%
%%%%%%%%%%%%%%%%%%%

%% aerospace and military
@string{IEEE_J_AES        = "{IEEE} Trans. Aerosp. Electron. Syst."}
@string{IEEE_J_ANE        = "{IEEE} Trans. Aerosp. Navig. Electron."}
@string{IEEE_J_ANNE       = "{IEEE} Trans. Aeronaut. Navig. Electron."}
@string{IEEE_J_AS         = "{IEEE} Trans. Aerosp."}
@string{IEEE_J_AIRE       = "{IEEE} Trans. Airborne Electron."}
@string{IEEE_J_MIL        = "{IEEE} Trans. Mil. Electron."}

%% autos, transportation and vehicles (non-aerospace)
@string{IEEE_J_ITS        = "{IEEE} Trans. Intell. Transport. Syst."}
@string{IEEE_J_VT         = "{IEEE} Trans. Veh. Technol."}
@string{IEEE_J_VC         = "{IEEE} Trans. Veh. Commun."}

%% circuits, signals, systems, audio and controls
@string{IEEE_J_SPL        = "{IEEE} Signal Processing Lett."}
@string{IEEE_J_ASSP       = "{IEEE} Trans. Acoust., Speech, Signal Processing"}
@string{IEEE_J_AU         = "{IEEE} Trans. Audio"}
@string{IEEE_J_AUEA       = "{IEEE} Trans. Audio Electroacoust."}
@string{IEEE_J_AC         = "{IEEE} Trans. Autom. Contr."}
@string{IEEE_J_CAS        = "{IEEE} Trans. Circuits Syst."}
@string{IEEE_J_CASVT      = "{IEEE} Trans. Circuits Syst. Video Technol."}
@string{IEEE_J_CASI       = "{IEEE} Trans. Circuits Syst. {I}"}
@string{IEEE_J_CASII      = "{IEEE} Trans. Circuits Syst. {II}"}
@string{IEEE_J_CT         = "{IEEE} Trans. Circuit Theory"}
@string{IEEE_J_CST        = "{IEEE} Trans. Control Syst. Technol."}
@string{IEEE_J_SP         = "{IEEE} Trans. Signal Processing"}
@string{IEEE_J_SU         = "{IEEE} Trans. Sonics Ultrason."}
@string{IEEE_J_SAP        = "{IEEE} Trans. Speech Audio Processing"}
@string{IEEE_J_UE         = "{IEEE} Trans. Ultrason. Eng."}
@string{IEEE_J_UFFC       = "{IEEE} Trans. Ultrason., Ferroelect., Freq.
Contr."}

%% communications
@string{IEEE_J_COML       = "{IEEE} Commun. Lett."}
@string{IEEE_J_JSAC       = "{IEEE} J. Select. Areas Commun."}
@string{IEEE_J_COM        = "{IEEE} Trans. Commun."}
@string{IEEE_J_COMT       = "{IEEE} Trans. Commun. Technol."}
@string{IEEE_J_WCOM       = "{IEEE} Trans. Wireless Commun."}

%% components, packaging and manufacturing
@string{IEEE_J_ADVP       = "{IEEE} Trans. Adv. Packag."}
@string{IEEE_J_CHMT       = "{IEEE} Trans. Comp., Hybrids, Manufact. Technol."}
@string{IEEE_J_CPMTA      = "{IEEE} Trans. Comp., Packag., Manufact. Technol.
{A}"}
@string{IEEE_J_CPMTB      = "{IEEE} Trans. Comp., Packag., Manufact. Technol.
{B}"}
@string{IEEE_J_CPMTC      = "{IEEE} Trans. Comp., Packag., Manufact. Technol.
{C}"}
@string{IEEE_J_CAPT       = "{IEEE} Trans. Comp. Packag. Technol."}
@string{IEEE_J_CAPTS      = "{IEEE} Trans. Comp. Packag. Technol."}
@string{IEEE_J_CPART      = "{IEEE} Trans. Comp. Parts"}
@string{IEEE_J_EPM        = "{IEEE} Trans. Electron. Packag. Manufact."}
@string{IEEE_J_MFT        = "{IEEE} Trans. Manufact. Technol."}
@string{IEEE_J_PHP        = "{IEEE} Trans. Parts, Hybrids, Packag."}
@string{IEEE_J_PMP        = "{IEEE} Trans. Parts, Mater., Packag."}

%% CAD
@string{IEEE_J_TCAD       = "{IEEE} J. Technol. Comput. Aided Design"}
@string{IEEE_J_CAD        = "{IEEE} Trans. Comput.-Aided Design"}

%% coding, data, information, knowledge
@string{IEEE_J_IT         = "{IEEE} Trans. Inform. Theory"}
@string{IEEE_J_KDE        = "{IEEE} Trans. Knowledge Data Eng."}

% computers, computation, networking and software
@string{IEEE_J_C          = "{IEEE} Trans. Comput."}
@string{IEEE_J_ECOMP      = "{IEEE} Trans. Electron. Comput."}
@string{IEEE_J_EVC        = "{IEEE} Trans. Evol. Comput."}
@string{IEEE_J_FUZZ       = "{IEEE} Trans. Fuzzy Syst."}
%% disabled till definition finalized
%%string{IEEE_J_MC          = "{IEEE} Trans. Mobile Comput."}
@string{IEEE_J_NET        = "{IEEE/ACM} Trans. Networking"}
@string{IEEE_J_NN         = "{IEEE} Trans. Neural Networks"}
@string{IEEE_J_PDS        = "{IEEE} Trans. Parallel Distrib. Syst."}
@string{IEEE_J_SE         = "{IEEE} Trans. Software Eng."}

%% computer graphics, imaging, and multimedia
@string{IEEE_J_IP         = "{IEEE} Trans. Image Processing"}
@string{IEEE_J_MM         = "{IEEE} Trans. Multimedia"}
@string{IEEE_J_VCG        = "{IEEE} Trans. Visual. Comput. Graphics"}

%% cybernetics, ergonomics, robots, man-machine, and automation
@string{IEEE_J_JRA        = "{IEEE} J. Robotics Autom."}
@string{IEEE_J_RAL        = "{IEEE} Robotics Autom. Lett."}
@string{IEEE_J_TASE       = "{IEEE} Trans. Autom. Sci. Eng."}
@string{IEEE_J_HFE        = "{IEEE} Trans. Hum. Factors Electron."}
@string{IEEE_J_MMS        = "{IEEE} Trans. Man-Mach. Syst."}
@string{IEEE_J_PAMI       = "{IEEE} Trans. Pattern Anal. Mach. Intell."}
@string{IEEE_J_RA         = "{IEEE} Trans. Robotics Autom."}
@string{IEEE_J_RO         = "{IEEE} Trans. Robotics"}
@string{IEEE_J_CY        = "{IEEE} Trans. Cybern."}
@string{IEEE_J_SMC        = "{IEEE} Trans. Syst., Man, Cybern."}
@string{IEEE_J_SMCA       = "{IEEE} Trans. Syst., Man, Cybern. {A}"}
@string{IEEE_J_SMCB       = "{IEEE} Trans. Syst., Man, Cybern. {B}"}
@string{IEEE_J_SMCC       = "{IEEE} Trans. Syst., Man, Cybern. {C}"}
@string{IEEE_J_SSC        = "{IEEE} Trans. Syst. Sci. Cybernetics"}

%% earth, wind, fire and water
@string{IEEE_J_GE         = "{IEEE} Trans. Geosci. Electron."}
@string{IEEE_J_GRS        = "{IEEE} Trans. Geosci. Remote Sensing"}
@string{IEEE_J_OE         = "{IEEE} J. Oceanic Eng."}

%% education, engineering, history, IEEE, professional
@string{IEEE_J_PROC       = "Proc. {IEEE}"}
@string{IEEE_J_EDU        = "{IEEE} Trans. Educ."}
@string{IEEE_J_EM         = "{IEEE} Trans. Eng. Manage."}
%% disabled till definition is verified
%%string{IEEE_J_EWS         = "{IEEE} Trans. Eng. Writing Speech"}
@string{IEEE_J_PC         = "{IEEE} Trans. Prof. Commun."}

%% electromagnetics, antennas, EMI, magnetics and microwave
@string{IEEE_J_AWPL       = "{IEEE} Antennas Wireless Propagat. Lett."}
@string{IEEE_J_MGWL       = "{IEEE} Microwave Guided Wave Lett."}
%% IEEE seems to want "Compon." here, not "Comp."
@string{IEEE_J_MWCL       = "{IEEE} Microwave Wireless Compon. Lett."}
@string{IEEE_J_AP         = "{IEEE} Trans. Antennas Propagat."}
@string{IEEE_J_EMC        = "{IEEE} Trans. Electromagn. Compat."}
@string{IEEE_J_MAG        = "{IEEE} Trans. Magn."}
@string{IEEE_J_MTT        = "{IEEE} Trans. Microwave Theory Tech."}
@string{IEEE_J_RFI        = "{IEEE} Trans. Radio Freq. Interference"}
@string{IEEE_J_TJMJ       = "{IEEE} Transl. J. Magn. Jpn."}

%% energy and power
@string{IEEE_J_EC         = "{IEEE} Trans. Energy Conversion"}
@string{IEEE_J_PWRAS      = "{IEEE} Trans. Power App. Syst."}
@string{IEEE_J_PWRD       = "{IEEE} Trans. Power Delivery"}
@string{IEEE_J_PWRE       = "{IEEE} Trans. Power Electron."}
@string{IEEE_J_PWRS       = "{IEEE} Trans. Power Syst."}

%% industrial, commercial and consumer
@string{IEEE_J_APPIND     = "{IEEE} Trans. Applicat. Ind."}
@string{IEEE_J_BC         = "{IEEE} Trans. Broadcast."}
%% disabled till definition is verified
%%string{IEEE_J_BCTV        = "{IEEE} Trans. Broadcast Telev. Receivers"}
@string{IEEE_J_CE         = "{IEEE} Trans. Consumer Electron."}
@string{IEEE_J_IE         = "{IEEE} Trans. Ind. Electron."}
@string{IEEE_J_IECI       = "{IEEE} Trans. Ind. Electron. Contr. Instrum."}
@string{IEEE_J_IA         = "{IEEE} Trans. Ind. Applicat."}
@string{IEEE_J_IGA        = "{IEEE} Trans. Ind. Gen. Applicat."}

%% instrumentation and measurement
@string{IEEE_J_IM         = "{IEEE} Trans. Instrum. Meas."}

%% insulation and materials
%% disabled till definition finalized
%%string{IEEE_J_JEM         = "{IEEE/TMS} J. Electron. Mater."}
@string{IEEE_J_DEI        = "{IEEE} Trans. Dielect. Elect. Insulation"}
@string{IEEE_J_EI         = "{IEEE} Trans. Elect. Insulation"}

%% mechanical
@string{IEEE_J_MECH       = "{IEEE/ASME} Trans. Mechatron."}
@string{IEEE_J_MEMS       = "J. Microelectromech. Syst."}

%% medical and biological
@string{IEEE_J_BME        = "{IEEE} Trans. Biomed. Eng."}
%% Note: The B-ME journal later dropped the hyphen and became the BME.
@string{IEEE_J_B-ME       = "{IEEE} Trans. Bio-Med. Eng."}
@string{IEEE_J_BMELC      = "{IEEE} Trans. Bio-Med. Electron."}
@string{IEEE_J_ITBM       = "{IEEE} Trans. Inform. Technol. Biomed."}
@string{IEEE_J_ME         = "{IEEE} Trans. Med. Electron."}
@string{IEEE_J_MI         = "{IEEE} Trans. Med. Imag."}
%% disabled till definition finalized
%%string{IEEE_J_MCTE        = "{IEEE} Trans. Molecular Cellular Tissue Eng."}
%% disabled till definition finalized
%%string{IEEE_J_NB          = "{IEEE} Trans. NanoBioscience"}
@string{IEEE_J_NSRE       = "{IEEE} Trans. Neural Syst. Rehab. Eng."}
@string{IEEE_J_RE         = "{IEEE} Trans. Rehab. Eng."}

%% optics, lightwave and photonics
@string{IEEE_J_PTL        = "{IEEE} Photon. Technol. Lett."}
@string{IEEE_J_JLT        = "J. Lightwave Technol."}

%% physics, electrons, nanotechnology, nuclear and quantum electronics
@string{IEEE_J_EDL        = "{IEEE} Electron Device Lett."}
@string{IEEE_J_JQE        = "{IEEE} J. Quantum Electron."}
@string{IEEE_J_JSTQE      = "{IEEE} J. Select. Topics Quantum Electron."}
@string{IEEE_J_ED         = "{IEEE} Trans. Electron Devices"}
@string{IEEE_J_NANO       = "{IEEE} Trans. Nanotechnol."}
@string{IEEE_J_NS         = "{IEEE} Trans. Nucl. Sci."}
@string{IEEE_J_PS         = "{IEEE} Trans. Plasma Sci."}

%% reliability
%% IEEE seems to want "Mat." here, not "Mater."
@string{IEEE_J_DMR        = "{IEEE} Trans. Device Mat. Rel."}
@string{IEEE_J_R          = "{IEEE} Trans. Rel."}

%% semiconductors, superconductors, electrochemical and solid state
%% disabled till definition finalized
%%string{IEEE_J_ESSL        = "{IEEE/ECS} Electrochemical Solid-State Lett."}
@string{IEEE_J_JSSC       = "{IEEE} J. Solid-State Circuits"}
@string{IEEE_J_ASC        = "{IEEE} Trans. Appl. Superconduct."}
@string{IEEE_J_SM         = "{IEEE} Trans. Semiconduct. Manufact."}

%% sensors
@string{IEEE_J_SENSOR     = "{IEEE} Sensors J."}

%% VLSI
@string{IEEE_J_VLSI       = "{IEEE} Trans. {VLSI} Syst."}

%%%%%%%%%%%%%%%%%%%%
%% IEEE Magazines %%
%%%%%%%%%%%%%%%%%%%%

@string{IEEE_M_AES        = "{IEEE} Aerosp. Electron. Syst. Mag"}
@string{IEEE_M_HIST       = "{IEEE} Annals Hist. Comput."}
@string{IEEE_M_AP         = "{IEEE} Antennas Propagat. Mag."}
@string{IEEE_M_ASSP       = "{IEEE} {ASSP} Mag."}
@string{IEEE_M_CD         = "{IEEE} Circuits Devices Mag."}
@string{IEEE_M_CAS        = "{IEEE} Circuits Syst. Mag."}
@string{IEEE_M_COM        = "{IEEE} Commun. Mag."}
@string{IEEE_M_COMSOC     = "{IEEE} Commun. Soc. Mag."}
@string{IEEE_M_CSE        = "{IEEE} Comput. Sci. Eng."}
%% CSEM changed to CSE in 1999
@string{IEEE_M_CSEM       = "{IEEE} Comput. Sci. Eng. Mag."}
@string{IEEE_M_C          = "{IEEE} Computer"}
@string{IEEE_M_CAP        = "{IEEE} Comput. Appl. Power"}
@string{IEEE_M_CGA        = "{IEEE} Comput. Graph. Appl."}
@string{IEEE_M_CONC       = "{IEEE} Concurrency"}
@string{IEEE_M_CS         = "{IEEE} Control Syst. Mag."}
@string{IEEE_M_DTC        = "{IEEE} Des. Test. Comput."}
@string{IEEE_M_EI         = "{IEEE} Electr. Insul. Mag."}
@string{IEEE_M_EMB        = "{IEEE} Eng. Med. Biol. Mag."}
@string{IEEE_M_EMR        = "{IEEE} Eng. Manag. Rev."}
@string{IEEE_M_EXP        = "{IEEE} Expert"}
@string{IEEE_M_IA         = "{IEEE} Ind. Appl. Mag."}
@string{IEEE_M_IM         = "{IEEE} Instrum. Meas. Mag."}
@string{IEEE_M_IS         = "{IEEE} Intell. Syst."}
@string{IEEE_M_IC         = "{IEEE} Internet Comput."}
@string{IEEE_M_ITP        = "{IEEE} {IT} Prof."}
@string{IEEE_M_MICRO      = "{IEEE} Micro"}
@string{IEEE_M_MW         = "{IEEE} Microwave"}
@string{IEEE_M_MM         = "{IEEE} Multimedia"}
@string{IEEE_M_NET        = "{IEEE} Network"}
%% IEEE's editorial manual lists "Pers. Commun.", 
%% but "Personal Commun. Mag." seems to be what is used in the journals
@string{IEEE_M_PCOM       = "{IEEE} Personal Commun. Mag."}
@string{IEEE_M_POT        = "{IEEE} Potentials"}
@string{IEEE_M_PER        = "{IEEE} Power Eng. Rev."}
@string{IEEE_M_RA         = "{IEEE} Robotics Autom. Mag."}
@string{IEEE_M_SP         = "{IEEE} Signal Processing Mag."}
@string{IEEE_M_S          = "{IEEE} Softw."}
@string{IEEE_M_SPECT      = "{IEEE} Spectr."}
@string{IEEE_M_TS         = "{IEEE} Technol. Soc. Mag."}
@string{IEEE_M_WC         = "{IEEE} Wireless Commun. Mag."}
@string{IEEE_M_TODAY      = "Today's Eng."}




% Short Conference Names

% Tienen que seguir la normativa ISSN si se tiene duda consultar
% http://www.issn.org/services/online-services/access-to-the-ltwa/#recherche


% COLLOQUIA

@string{icgi      = {Int. Colloquium Grammatical Inference}}


% CONFERENCES

@string{ic3dv     = {Int. Conf. 3D Vis.}}
@string{ic3dtv    = {IEEE Int. Conf. 3DTV}}
@string{acc	      = {American Control Conf.}}
@string{ac        = {IEEE Aerospace Conf.}}
@string{acra      = {Australasian Conf. Robotics Autom.}}
@string{accv      = {Asian Conf. Comput. Vis.}}
@string{acivs     = {Adv. Concepts Intell. Vis. Syst. Conf.}}
@string{aiaa      = {AIAA Guid., Navig. Control Conf. Exhib.}}
@string{avss      = {IEEE Int. Conf. Video Signal Based Surveillance}}
@string{avc       = {Alvey Vis. Conf.}}
@string{asci      = {Annual Conf. Adv. School Comput. Imag.}}
@string{crypto    = {Annual Int. Cryptology Conf.}}
@string{aaai      = {AAAI Conf. on Artificial Intelligence}}
@string{bmvc      = {British Mach. Vis. Conf.}}
@string{crv       = {Int. Conf. Comput. and Robot Vis.}}
@string{mirage    = {Comput. Vis./Comput. Graphics Collab. Model-based Imaging, Rendering, Image Anal. and Graphical Special Effects}}
@string{cicindi   = {Int. Conf. Autom. Control, Virtual Inst., Dig. Sys.}}
@string{dcis      = {Design Circuits Integrated Syst. Conf.}}
@string{esfjsps   = {ESF-JSPS Conf. Experimental Cognitive Robotics}}
@string{euromicro = {Euromicro Conf.}}
@string{eccv      = {Eur. Conf. Comput. Vis}}
@string{ecmr      = {Eur. Conf. Mobile Robots}}
@string{icpr      = {IAPR Int. Conf. Pattern Recog.}}
@string{icrm      = {IASTED Int. Conf. Robotics Manufacturing}}
@string{ibpria    = {Iberian Conf. Pattern Recog. Image Anal.}}
@string{cvpr      = {IEEE Conf. Comput. Vis. Pattern Recognit.}}
@string{cmr       = {SPIE Conf. on Mobile Robots.}}
@string{its       = {IEEE Conf. Intell. Transport. Syst.}}
@string{icas      = {Int. Conf. Autonomic and Autonomous Syst.}}
@string{carpi     = {Int. Conf. Appl. Robotics Power Ind.}}
@string{icassp    = {IEEE Conf. Acoustics, Speech, Signal Process.}}
@string{fgr       = {IEEE Int. Conf. Autom. Face Gesture Recognit.}}
@string{iccias    = {Int. Conf. Comput. Intell. Security}}
@string{caip      = {Int. Conf. Comput. Analysis Images and Patterns}}
@string{ias      = {Int. Conf. Intell. Autonom. Syst.}}
@string{icram     = {Int. Conf. Recent Adv. on Mechatronics}}
@string{icradim   = {Int. Conf. Recent Adv. in 3D Digital Imag. and Model.}}
@string{imtc      = {IEEE Instrum. Meas. Tech. Conf.}}
@string{iccvcg    = {Int. Conf. Comput. Vis./Comp. Graphics}}
@string{iccv      = {IEEE Int. Conf. Comput. Vis.}}
@string{icvgip	  = {Indian Conf. Comput. Vis. Graphics Image Process.}}
@string{icdc      = {IEEE Conf. Decision Control}}
@string{etfa      = {IEEE Int. Conf. Emerging Tech. Factory Autom.}}  
@string{icip      = {IEEE Int. Conf. Image Process.}}
@string{mfi       = {IEEE Int. Conf. Multisensor Fusion Integration Intell. Syst.}}
@string{icra      = {IEEE Int. Conf. Robotics Autom.}}
@string{icuas   = {Int. Conf. Unmanned Aircr. Syst.}}
@string{csmc      = {IEEE Int. Conf. Syst., Man, Cybern.}}
@string{ieeesensors      = {IEEE Int. Conf. Sensors}}
@string{ictai     = {IEEE Int. Conf. Tools Artif. Intell.}}
@string{mcca      = {IEEE Mediterranenan Conf. Control Autom.}}
@string{humanoids = {IEEE-RAS Int. Conf. Humanoid Robots}}
@string{iros      = {IEEE/RSJ Int. Conf. Intell. Robots Syst.}}
@string{adhs      = {IFAC Conf. Anal. Des. Hybrid Syst.}}
@string{ic3dim    = {Int. Conf. 3D Digital Imaging Modeling}}
@string{icar      = {Int. Conf. Advanced Robotics}}
@string{aa        = {Int. Conf. Autonomous Agents}}
@string{icchp     = {Int. Conf. Comput. Helping People with Special Needs}}
@string{icccn     = {Int. Conf. Comput. Communications and Networks}}
@string{visapp    = {Int. Conf. Comput. Vis. Theory Appl.}}
@string{cogsys    = {Int. Conf. Cognitive Systems}}
@string{iccaai    = {Int. Conf. Cat. Assoc. Artificial Intelligence}}
@string{icdgci    = {Int. Conf. Discrete Geom. Comput. Imagery}}
@string{fsr        ={Int. Conf. Field and Service Robotics}}
@string{iciar     = {Int. Conf. Image Anal. Recog.}}
@string{iciap     = {Int. Conf. Image Anal. Process.}}
@string{icif    = {Int. Conf. Information Fusion}}
@string{icinco    = {Int. Conf. Informatics Control Autom. Robotics}}
@string{issnip    = {Int. Conf. Intell. Sensors, Sensor Networks and Information Process.}}
@string{kdd       = {Int. Conf. Knowl. Discov. Data Min.}}
@string{icmmv      = {Int. Conf. Mechatron. Mach. Vis. Pract.}}
@string{icml      = {Int. Conf. Mach. Learning}}
@string{ico3dmt   = {Int. Conf. Opt. 3D Meas. Tech.}}
@string{iconip    = {Int. Conf. Neural Information Process.}}
@string{icnn      = {Int. Conf. Neural Networks}}
@string{icser     = {Int. Conf. Serv. Exp. Robotics}}
@string{simpar    = {Int. Conf. Simul. Model. Program. Auton. Robots}}
@string{vldb = {Int. Conf. Very Large Data Bases}}
@string{vs        = {Int. Conf. Vis. Search}}
@string{icvs      = {Int. Conf. Comput. Vis. Syst.}}
@string{ijcai     = {Int. Joint Conf. Artif. Intell.}}
@string{ifac      = {IFAC World Congr. Auton. Control}}
@string{isprs     = {ISPRS Conf.}}
@string{pcai       = {Portuguese Conf. Artif. Intell.}}
@string{rss       = {Robotics Sci. Syst. Conf.}}
@string{scia      = {Scandinavian Conf. Imag. Anal.}}
@string{siggraph  = {ACM SIGGRAPH Conf.}}
@string{siceicase = {SICE-ICASE Joint Conf.}}
@string{uai       = {Conf. Uncertain. Artif. Intell.}}
@string{vi        = {Int. Conf. Vis. Interface}}
@string{vc        = {Videometrics Conf.}}
@string{vi        = {Int. Conf. Vis. Interface}}
@string{viip      = {IASTED Int. Conf. Visualization, Imaging, Image Process.}}
@string{mivipm    = {Med. Imaging: Visual. Image-Guided Proc. Model.}}

@string{nips      = {Neural Inf. Process. Syst.}}

@string{tepra     = {IEEE Int. Conf. Tech. Pract. Rob. App.}}

@string{aim     = {IEEE/ASME Int. Conf. Adv. Intell. Mechatron.}}

@string{cram    = {IEEE Conf. Robotics, Aut. Mechatron.}}


% CONGRESSES
@string{cedi      = {Spanish Congr. Informatics}}
@string{ciarp     = {Iberoamerican Congr. Pattern Recog.}}
@string{immfc     = {Int. Man-Made Fibers Congr.}}
@string{lacac     = {Latinamerican Congr. Adv. Control}}


% FORUMS

@string{foro = {Foro Iberoamericano de Reconocmiento de Formas y An{\'a}lisis de Im{\'a}genes}}


% JOURNEYS

@string{ja    = {Jorn. Autom.}}
@string{jeetc = {Jorn. Eng. Electron. Telecomun. Comput.}}
@string{jravr = {Jorn. Recer. Autom. Vis. Robotica}}
@string{jrv   = {Jorn. RedVision. Seguim. Identif. Objetos}}


% SEMINARS

@string{lasac = {Latinoam. Semin. Adv. Control}}
@string{starp = {Semin. Trab. Autom. Robotica Percepci{\'o}n}}


% SYMPOSIA

@string{dpvt       = {Int. Sym. 3D Data Processing, Visualization and Transmission (3DPVT)}}
@string{dagm       = {DAGM Symposium}}
@string{egve       = {Eurographics Sym. Virtual Environments}}
@string{sda        = {ACM SIAM Sym. Discrete Algorithms}}
@string{sca        = {ACM SIGGRAPH/EUROGRAPHICS Sym. Comput. Anim.}}
@string{scrp	   = {ASP Sym. Close-Range Photogramm.}}
@string{stprm      = {CISM-IFToMM Sym. Theory Practice Robot Manipulators}}
@string{gprs       = {Ger. Pattern Recog. Sym.}}
@string{siarp      = {Iberoam. Sym. Pattern Recog.}}  
@string{sievm      = {ISPRS Sym. Image Eng. Vision Metrology}}
@string{issi       = {IEEE/SICE Int. Sym. System Integration}}
@string{ismar      = {IEEE Int. Sym. Mixed and Augmented Reality}}
@string{ismaracm      = {IEEE/ACM Int. Sym. Mixed and Augmented Reality}}
@string{ssrr       = {IEEE Int. Sym. Saf. Secur. Rescue Robotics}}
@string{isicpmt    = {IFAC Sym. Information Control Problems Manufacturing Tech.}}
@string{iav        = {IFAC/EURON Sym. Intell. Auton. Vehicles}}
@string{spie       = {SPIE}}
@string{ark        = {Int. Sym. Adv. Robot Kinemat.}}
@string{isiatp     = {Int. Sym. Assem. Task Plan.}}
@string{iser       = {Int. Sym. Exp. Robot.}}
@string{isivc      = {Int. Sym. Image/Video Comm. Fixed/Mob. Netw.}}
@string{isir       = {Int. Sym. Ind. Robot.}}
@string{isie       = {Int. Sym. Ind. Electron.}}
@string{isr	       = {Int. Sym. Robot}}
@string{isra	   = {Int. Sym. Robotics Automat.}}
@string{isrr       = {Int. Sym. Robotics Res.}}
@string{isscs      = {Int. Sym. Signals Circuits Syst.}}
@string{issdh      = {Int. Sym. Spat. Data Handl.}}
@string{sidpcv     = {ISPRS Sym. Spat. Inf. Digit. Photogramm. Comput. Vis.}}
@string{snrfai     = {Spanish Sym. Pattern Recog. Image Anal.}}
@string{aerosense  = {SPIE Int. Sym. Aerospace/Defense Sensing, Simulation, Controls}}
@string{isrs       = {Int. Sym. Remote Sensing}}
@string{ivs        = {IEEE Int. Vehicles Sym.}}
@string{production = {Sym. Auton. Coop. Adapt. Manuf. Units Comput. Network}}
@string{isvc       = {Int. Sym. Vis. Comput.}}
@string{psivt      = {Pacific-Rim Sym. Image Video Tech.}}
@string{robocup    = {Robocup Sym.}}
@string{isairas    = {Int. Sym. Artif. Intell., Robotics Autom. Space}}
@string{isrose     = {IEEE Int. Sym. on Robotic and Sensors Environments}}

% TOPICAL MEETINGS

@string{srs         = {Signal Recovery and Synthesis}}

% WORKSHOPS
@string{aamasmasdmud = {AAMAS Multiagent Sequential Decision Making in Uncertain Domains Workshop}}
@string{arso		= {IEEE Workshop Adv. Robotics Soc. Impacts}}
@string{cbaivl      = {IEEE CVPR Workshop Content-based Access Image Video Lib.}}
@string{cvml      = {ENS/INRA Vis. Recognit. Mach. Learn. Summer Sch.}}
@string{iccvw       = {IEEE ICCV Workshops}}
@string{iwssrr      = {IEEE Int. Workshop Safety, Security Rescue Robot.}}
@string{iwrse       = {Int. Workshop Robot. Sensors Environ.}}
@string{iwist       = {IEEE Int. Workshop Imag. Syst. Tech.}}
@string{vs          = {IEEE Int. Workshop Vis. Surveillance}}
@string{cwra        = {IEEE Colombian Workshop Robotics Automat.}}
@string{slcvw       ={ECCV Workshop Stat. Learn. Comput. Vis.}}
@string{eawfr     = {Eurathlon/ARCAS Workshop and Summer Sch. Field Robotics}}
@string{eurobot     = {Euromicro Workshop Adv. Mobile Robots}}
@string{cas         = {Eurographics Workshop Comput. Anim. Simul.}}
@string{gbr         = {IAPR Workshop Graph-based Representation}}
@string{sspr        = {IAPR Int. Workshop Syntactical Structural Pattern Recog.}}
@string{eilavd	    = {ICCV Workshop Emergent Issues Large Amount. Vis. Data}}
@string{atal        = {Int. Workshop Agent Theories, Architectures, Lang.}}
@string{iwrwur      = {Int. Workshop Reasoning Uncert. Robotics}}
@string{iuw         = {Image Understanding Workshop}}
@string{ispr        = {Int. Workshop Statistical Tech. Pattern Recog.}}
@string{ls          = {ISPRS Workshop on Laser Scanning}}
@string{jeuwaicv    = {Joint Eur.-US Workshop App. Invariance Comput. Vis.}}
@string{narwmfcv    = {NATO Adv. Res. Workshop Multisensor Fusion Comput. Vis.}}
@string{nrs         = {Workshop Network Robot Syst.}}
@string{iwpr        = {Iberoamerican Workshop Pattern Recog.}}
@string{orgwpria    = {Open Russian-German Workshop Pattern Recog. Image Anal.}}
@string{ossw        = {Workshop Open Source Soft. Robot.}}
@string{rose        = {Int. Workshop Robot Sensing}}
@string{wafr        = {Int. Workshop Algoritm. Found. Robotics}}
@string{wacv        = {Workshop Appl. Comput. Vis.}}
@string{omnivis     = {ECCV Workshop Omnidirectional Vis. Camera Netw.
Non-classical Cameras}}
@string{vmv         = {Int. Fall Workshop Vis. Modell. Vis.}}
@string{fwcg         = {Fall Workshop Comput. Geom.}}
@string{cvprw       = {IEEE CVPR Workshops}}
@string{iroswvs     = {IEEE/RSJ IROS Workshop Vis. Servoing}}
@string{irosw3dm    = {IEEE/RSJ IROS Workshop on 3D-Mapp.}}
@string{iroscdcfr   = {IEEE/RSJ IROS Workshop on Color-Depth Camera Fusion in Robotics}}
@string{oagm        = {Austrian Assoc. Pattern Recog. Workshop}}
@string{d3dvw       = {Dyn. 3D Vis. Workshop}}
@string{iwva        = {Int. Workshop Vis. Algorithms}}
@string{remic		= {RSS Workshop Robotic Explor., Monit., Inf. Collect.}}
@string{rgbd		= {RSS Workshop RGB-D Cameras}}
@string{ppoc        = {Workshop Path Plan. Costmaps}}
@string{bp3dp       = {Workshop Best Practices 3D Perception and Modeling for Mobile Manipulation}}
@string{tpi        = {Taller Proces. Im\'agenes}}

% ROUNDTABLES

@string{imr          = {Int. Meshing Roundtable}}

% =============== MY PUBLICATIONS ===================================

% ============= Articles ===========================================


@inproceedings{pourhomayoun2012spatial,
  title={Spatial sparsity based indoor localization in wireless sensor network for assistive healthcare},
  author={Pourhomayoun, Mohammad and Jin, Zhanpeng and Fowler, Mark},
  booktitle={Engineering in Medicine and Biology Society (EMBC), 2012 Annual International Conference of the IEEE},
  pages={3696--3699},
  year={2012},
  organization={IEEE}
}

@inproceedings{ojeda2007personal,
  title={Personal dead-reckoning system for GPS-denied environments},
  author={Ojeda, Lauro and Borenstein, Johann},
  booktitle={Safety, Security and Rescue Robotics, 2007. SSRR 2007. IEEE International Workshop on},
  pages={1--6},
  year={2007},
  organization={IEEE}
}

@phdthesis{kwanmuang2015phd,
    TITLE      = {FILTERING AND TRACKING FOR A PEDESTRIAN DEAD-RECKONING SYSTEM},
    AUTHOR     = {Surat Kwanmuang},
    SCHOOL     = {University of Michigan},
    MONTH      = {May},
    YEAR       = {2015},
}

@inproceedings{jin2011robust,
  title={A robust dead-reckoning pedestrian tracking system with low cost sensors},
  author={Jin, Yunye and Toh, Hong-Song and Soh, Wee-Seng and Wong, Wai-Choong},
  booktitle={Pervasive Computing and Communications (PerCom), 2011 IEEE International Conference on},
  pages={222--230},
  year={2011},
  organization={IEEE}
}

@misc{hutchings1998system,
  title={System and method for measuring movement of objects},
  author={Hutchings, Lawrence J},
  year={1998},
  month={March},
  publisher={Google Patents},
  note={US Patent 5,724,265}
}

@inproceedings{groves2007inertial,
  title={Inertial navigation versus pedestrian dead reckoning: Optimizing the integration},
  author={Groves, Paul D and Pulford, Graham W and Littlefield, C Aaron and Nash, David LJ and Mather, Christopher J},
  booktitle={Proc. ION GNSS},
  pages={2043--2055},
  year={2007}
}

@article{wagstaff2017improving,
  title={Improving Foot-Mounted Inertial Navigation Through Real-Time Motion Classification},
  author={Wagstaff, Brandon and Peretroukhin, Valentin and Kelly, Jonathan},
  journal={arXiv preprint arXiv:1707.01152},
  year={2017}
}

@inproceedings{kourogi2010method,
  title={A method of pedestrian dead reckoning using action recognition},
  author={Kourogi, Masakatsu and Ishikawa, Tomoya and Kurata, Takeshi},
  booktitle={Position Location and Navigation Symposium (PLANS), 2010 IEEE/ION},
  pages={85--89},
  year={2010},
  organization={IEEE}
}

@inproceedings{panahandeh2012chest,
  title={Chest-mounted inertial measurement unit for pedestrian motion classification using continuous hidden Markov model},
  author={Panahandeh, Ghazaleh and Mohammadiha, Nasser and Leijon, Arne and H{\"a}ndel, Peter},
  booktitle={Instrumentation and Measurement Technology Conference (i2mtc), 2012 IEEE International},
  pages={991--995},
  year={2012},
  organization={IEEE}
}

@article{ruiz2012accurate,
  title={Accurate pedestrian indoor navigation by tightly coupling foot-mounted IMU and RFID measurements},
  author={Ruiz, Antonio Ram{\'o}n Jim{\'e}nez and Granja, Fernando Seco and Honorato, Jos{\'e} Carlos Prieto and Rosas, Jorge I Guevara},
  journal={IEEE Transactions on Instrumentation and Measurement},
  volume={61},
  number={1},
  pages={178--189},
  year={2012},
  publisher={IEEE}
}

@article{sukkarieh1999high,
  title={A high integrity IMU/GPS navigation loop for autonomous land vehicle applications},
  author={Sukkarieh, Salah and Nebot, Eduardo Mario and Durrant-Whyte, Hugh F},
  journal={IEEE Transactions on Robotics and Automation},
  volume={15},
  number={3},
  pages={572--578},
  year={1999},
  publisher={IEEE}
}


@inproceedings{malyavej2013indoor,
  title={Indoor robot localization by RSSI/IMU sensor fusion},
  author={Malyavej, Veerachai and Kumkeaw, Warapon and Aorpimai, Manop},
  booktitle={Electrical Engineering/Electronics, Computer, Telecommunications and Information Technology (ECTI-CON), 2013 10th International Conference on},
  pages={1--6},
  year={2013},
  organization={IEEE}
}

@article{ruiz2012accurate,
  title={Accurate pedestrian indoor navigation by tightly coupling foot-mounted IMU and RFID measurements},
  author={Ruiz, Antonio Ram{\'o}n Jim{\'e}nez and Granja, Fernando Seco and Honorato, Jos{\'e} Carlos Prieto and Rosas, Jorge I Guevara},
  journal={IEEE Transactions on Instrumentation and Measurement},
  volume={61},
  number={1},
  pages={178--189},
  year={2012},
  publisher={IEEE}
}

@inproceedings{hide2012investigating,
  title={Investigating the integration of a foot-mounted IMU and GNSS antenna},
  author={Hide, Chris and More, Terry and Hill, Chris and Pinchin, James},
  booktitle={Ubiquitous Positioning, Indoor Navigation, and Location Based Service (UPINLBS), 2012},
  pages={1--10},
  year={2012},
  organization={IEEE}
}

@inproceedings{gao2014data,
  title={Data fusion with two nonlinear constraints on Kalman filtering},
  author={Gao, Wei and Li, Jiaxuan and Yu, Fei and Zhou, Guangtao and Yu, Chunyang and Lin, Mengmeng},
  booktitle={Position, Location and Navigation Symposium-PLANS 2014, 2014 IEEE/ION},
  pages={524--528},
  year={2014},
  organization={IEEE}
}

@inproceedings{chdid2011inertial,
  title={Inertial-vision sensor fusion for pedestrian localization},
  author={Chdid, Dima and Oueis, Raja and Khoury, Hiam and Asmar, Daniel and Elhajj, Imad},
  booktitle={Robotics and Biomimetics (ROBIO), 2011 IEEE International Conference on},
  pages={1695--1701},
  year={2011},
  organization={IEEE}
}

@article{pierce2016incorporation,
  title={Incorporation of a Foot-Mounted IMU for Multi-Sensor Pedestrian Navigation},
  author={Pierce, Daniel},
  year={2016}
}

@inproceedings{skog2012fusing,
  title={Fusing the information from two navigation systems using an upper bound on their maximum spatial separation},
  author={Skog, Isaac and Nilsson, John-Olof and Zachariah, Dave and H{\"a}ndel, Peter},
  booktitle={Indoor Positioning and Indoor Navigation (IPIN), 2012 International Conference on},
  pages={1--5},
  year={2012},
  organization={IEEE}
}

@article{angermann2012footslam,
  title={Footslam: Pedestrian simultaneous localization and mapping without exteroceptive sensors—hitchhiking on human perception and cognition},
  author={Angermann, Michael and Robertson, Patrick},
  journal={Proceedings of the IEEE},
  volume={100},
  number={Special Centennial Issue},
  pages={1840--1848},
  year={2012},
  publisher={IEEE}
}

@inproceedings{puyol2012complexity,
  title={Complexity-reduced FootSLAM for indoor pedestrian navigation},
  author={Puyol, Maria Garcia and Robertson, Patrick and Heirich, Oliver},
  booktitle={Indoor Positioning and Indoor Navigation (IPIN), 2012 International Conference on},
  pages={1--10},
  year={2012},
  organization={IEEE}
}

@inproceedings{bruno2011wislam,
  title={Wislam: Improving footslam with wifi},
  author={Bruno, Luigi and Robertson, Patrick},
  booktitle={Indoor Positioning and Indoor Navigation (IPIN), 2011 International Conference on},
  pages={1--10},
  year={2011},
  organization={IEEE}
}

